@article{
	ChangeListener,
	author = "Oracle",
	title = "Interface ChangeListener",
	note = "\newline\url{https://docs.oracle.com/javase/8/docs/api/index.html?javax/swing/event/ChangeListener.html}"
}

@article{
	JFC,
	author = "JFC",
	title = "Java Foundation Classes",
	note = "\newline\url{https://en.wikipedia.org/wiki/Java_Foundation_Classes}"
}

@article{
	Swing,
	author = "Wikipedia",
	title = "Swing",
	note = "\newline\url{https://fr.wikipedia.org/wiki/Swing_(Java)}"
}

@article{
	AWT,
	author = "Wikipedia",
	title = "Abstract Window Toolkit",
	note = "\newline\url{https://fr.wikipedia.org/wiki/Abstract_Window_Toolkit}"
}

@article{
	Go,
	author = "Wikipedia",
	title = "Jeu de Go",
	note = "\newline\url{https://fr.wikipedia.org/wiki/Go_(jeu)}"
}

@article{
	Pente,
	author = "Wikipedia",
	title = "Jeu de Pente",
	note = "\newline\url{https://fr.wikipedia.org/wiki/Pente_(jeu)}"
}
